<record><leader>00000cas a22000007a 4500</leader><controlfield tag="001">22532310</controlfield><controlfield tag="008">901018d19591961mauwr ne      0    0eng d</controlfield><datafield ind1=" " ind2=" " tag="010"><subfield code="a">sn 89063333 </subfield></datafield><datafield ind1=" " ind2=" " tag="040"><subfield code="a">MGN</subfield><subfield code="b">eng</subfield><subfield code="c">MGN</subfield><subfield code="d">OCLCQ</subfield></datafield><datafield ind1=" " ind2=" " tag="042"><subfield code="a">msc</subfield></datafield><datafield ind1="0" ind2=" " tag="130"><subfield code="a">Newton villager (Newton, Mass. : 1959)</subfield></datafield><datafield ind1="1" ind2="4" tag="245"><subfield code="a">The Newton villager.</subfield></datafield><datafield ind1="1" ind2="3" tag="246"><subfield code="a">Newton villager and the Newton transcript</subfield></datafield><datafield ind1=" " ind2=" " tag="260"><subfield code="a">Newton, Mass. :</subfield><subfield code="b">John J. Martin</subfield></datafield><datafield ind1=" " ind2=" " tag="300"><subfield code="a">v.</subfield></datafield><datafield ind1=" " ind2=" " tag="310"><subfield code="a">Weekly</subfield></datafield><datafield ind1="0" ind2=" " tag="362"><subfield code="a">Vol. 12, no. 23 (July 2, 1959)-v. 12, no. 34 (Apr. 13, 1961).</subfield></datafield><datafield ind1=" " ind2=" " tag="752"><subfield code="a">United States</subfield><subfield code="b">Massachusetts</subfield><subfield code="c">Middlesex</subfield><subfield code="d">Newton.</subfield></datafield><datafield ind1="0" ind2="0" tag="780"><subfield code="t">Newton villager and the Newton transcript (Newton, Mass. : 1951)</subfield><subfield code="w">(DLC)sn 89063332</subfield></datafield><datafield ind1="0" ind2="0" tag="785"><subfield code="t">Newton villager and the Newton transcript (Newton, Mass. : 1961)</subfield><subfield code="w">(DLC)sn 89063334</subfield></datafield></record>